@article{al2000factors,
  title={Factors influencing the total mercury and methyl mercury in the hair of the fishermen of Kuwait},
  author={Al-Majed, NB and Preston, MR},
  journal={Environmental Pollution},
  volume={109},
  number={2},
  pages={239--250},
  year={2000},
  publisher={Elsevier}
}
